[gd_scene load_steps=8 format=3 uid="uid://0lcb61vvay5f"]

[ext_resource type="Script" path="res://Paddle.gd" id="1"]
[ext_resource type="FontFile" uid="uid://bmsivlcv33o6i" path="res://FSEX300.ttf" id="2"]
[ext_resource type="Script" path="res://Game.gd" id="3"]
[ext_resource type="PackedScene" path="res://Bricks.tscn" id="4"]

[sub_resource type="FontFile" id="1"]
fallbacks = Array[Font]([ExtResource("2")])
cache/0/16/0/ascent = 0.0
cache/0/16/0/descent = 0.0
cache/0/16/0/underline_position = 0.0
cache/0/16/0/underline_thickness = 0.0
cache/0/16/0/scale = 1.0
cache/0/16/0/kerning_overrides/16/0 = Vector2(0, 0)
cache/0/16/0/kerning_overrides/31/0 = Vector2(0, 0)
cache/0/16/0/kerning_overrides/36/0 = Vector2(0, 0)
cache/0/16/0/kerning_overrides/41/0 = Vector2(0, 0)
cache/0/16/0/kerning_overrides/46/0 = Vector2(0, 0)
cache/0/16/0/kerning_overrides/51/0 = Vector2(0, 0)
cache/0/16/0/kerning_overrides/56/0 = Vector2(0, 0)
cache/0/16/0/kerning_overrides/61/0 = Vector2(0, 0)
cache/0/16/0/kerning_overrides/66/0 = Vector2(0, 0)
cache/0/16/0/kerning_overrides/71/0 = Vector2(0, 0)
cache/0/16/0/kerning_overrides/76/0 = Vector2(0, 0)
cache/0/16/0/kerning_overrides/81/0 = Vector2(0, 0)
cache/0/16/0/kerning_overrides/91/0 = Vector2(0, 0)
cache/0/16/0/kerning_overrides/96/0 = Vector2(0, 0)
cache/0/16/0/kerning_overrides/101/0 = Vector2(0, 0)
cache/0/16/0/kerning_overrides/106/0 = Vector2(0, 0)
cache/0/16/0/kerning_overrides/111/0 = Vector2(0, 0)
cache/0/16/0/kerning_overrides/86/0 = Vector2(0, 0)
cache/0/16/0/kerning_overrides/26/0 = Vector2(0, 0)
cache/0/16/0/kerning_overrides/21/0 = Vector2(0, 0)
cache/0/16/0/kerning_overrides/11/0 = Vector2(0, 0)
cache/0/16/0/kerning_overrides/6/0 = Vector2(0, 0)
cache/0/16/0/kerning_overrides/1/0 = Vector2(0, 0)
cache/0/16/0/kerning_overrides/65/0 = Vector2(0, 0)
cache/0/16/0/kerning_overrides/64/0 = Vector2(0, 0)
cache/0/16/0/kerning_overrides/63/0 = Vector2(0, 0)
cache/0/16/0/kerning_overrides/62/0 = Vector2(0, 0)
cache/0/16/0/kerning_overrides/60/0 = Vector2(0, 0)
cache/0/31/0/ascent = 0.0
cache/0/31/0/descent = 0.0
cache/0/31/0/underline_position = 0.0
cache/0/31/0/underline_thickness = 0.0
cache/0/31/0/scale = 1.0
cache/0/31/0/kerning_overrides/16/0 = Vector2(0, 0)
cache/0/31/0/kerning_overrides/31/0 = Vector2(0, 0)
cache/0/31/0/kerning_overrides/36/0 = Vector2(0, 0)
cache/0/31/0/kerning_overrides/41/0 = Vector2(0, 0)
cache/0/31/0/kerning_overrides/46/0 = Vector2(0, 0)
cache/0/31/0/kerning_overrides/51/0 = Vector2(0, 0)
cache/0/31/0/kerning_overrides/56/0 = Vector2(0, 0)
cache/0/31/0/kerning_overrides/61/0 = Vector2(0, 0)
cache/0/31/0/kerning_overrides/66/0 = Vector2(0, 0)
cache/0/31/0/kerning_overrides/71/0 = Vector2(0, 0)
cache/0/31/0/kerning_overrides/76/0 = Vector2(0, 0)
cache/0/31/0/kerning_overrides/81/0 = Vector2(0, 0)
cache/0/31/0/kerning_overrides/91/0 = Vector2(0, 0)
cache/0/31/0/kerning_overrides/96/0 = Vector2(0, 0)
cache/0/31/0/kerning_overrides/101/0 = Vector2(0, 0)
cache/0/31/0/kerning_overrides/106/0 = Vector2(0, 0)
cache/0/31/0/kerning_overrides/111/0 = Vector2(0, 0)
cache/0/31/0/kerning_overrides/86/0 = Vector2(0, 0)
cache/0/31/0/kerning_overrides/26/0 = Vector2(0, 0)
cache/0/31/0/kerning_overrides/21/0 = Vector2(0, 0)
cache/0/31/0/kerning_overrides/11/0 = Vector2(0, 0)
cache/0/31/0/kerning_overrides/6/0 = Vector2(0, 0)
cache/0/31/0/kerning_overrides/1/0 = Vector2(0, 0)
cache/0/31/0/kerning_overrides/65/0 = Vector2(0, 0)
cache/0/31/0/kerning_overrides/64/0 = Vector2(0, 0)
cache/0/31/0/kerning_overrides/63/0 = Vector2(0, 0)
cache/0/31/0/kerning_overrides/62/0 = Vector2(0, 0)
cache/0/31/0/kerning_overrides/60/0 = Vector2(0, 0)
cache/0/36/0/ascent = 0.0
cache/0/36/0/descent = 0.0
cache/0/36/0/underline_position = 0.0
cache/0/36/0/underline_thickness = 0.0
cache/0/36/0/scale = 1.0
cache/0/36/0/kerning_overrides/16/0 = Vector2(0, 0)
cache/0/36/0/kerning_overrides/31/0 = Vector2(0, 0)
cache/0/36/0/kerning_overrides/36/0 = Vector2(0, 0)
cache/0/36/0/kerning_overrides/41/0 = Vector2(0, 0)
cache/0/36/0/kerning_overrides/46/0 = Vector2(0, 0)
cache/0/36/0/kerning_overrides/51/0 = Vector2(0, 0)
cache/0/36/0/kerning_overrides/56/0 = Vector2(0, 0)
cache/0/36/0/kerning_overrides/61/0 = Vector2(0, 0)
cache/0/36/0/kerning_overrides/66/0 = Vector2(0, 0)
cache/0/36/0/kerning_overrides/71/0 = Vector2(0, 0)
cache/0/36/0/kerning_overrides/76/0 = Vector2(0, 0)
cache/0/36/0/kerning_overrides/81/0 = Vector2(0, 0)
cache/0/36/0/kerning_overrides/91/0 = Vector2(0, 0)
cache/0/36/0/kerning_overrides/96/0 = Vector2(0, 0)
cache/0/36/0/kerning_overrides/101/0 = Vector2(0, 0)
cache/0/36/0/kerning_overrides/106/0 = Vector2(0, 0)
cache/0/36/0/kerning_overrides/111/0 = Vector2(0, 0)
cache/0/36/0/kerning_overrides/86/0 = Vector2(0, 0)
cache/0/36/0/kerning_overrides/26/0 = Vector2(0, 0)
cache/0/36/0/kerning_overrides/21/0 = Vector2(0, 0)
cache/0/36/0/kerning_overrides/11/0 = Vector2(0, 0)
cache/0/36/0/kerning_overrides/6/0 = Vector2(0, 0)
cache/0/36/0/kerning_overrides/1/0 = Vector2(0, 0)
cache/0/36/0/kerning_overrides/65/0 = Vector2(0, 0)
cache/0/36/0/kerning_overrides/64/0 = Vector2(0, 0)
cache/0/36/0/kerning_overrides/63/0 = Vector2(0, 0)
cache/0/36/0/kerning_overrides/62/0 = Vector2(0, 0)
cache/0/36/0/kerning_overrides/60/0 = Vector2(0, 0)
cache/0/41/0/ascent = 0.0
cache/0/41/0/descent = 0.0
cache/0/41/0/underline_position = 0.0
cache/0/41/0/underline_thickness = 0.0
cache/0/41/0/scale = 1.0
cache/0/41/0/kerning_overrides/16/0 = Vector2(0, 0)
cache/0/41/0/kerning_overrides/31/0 = Vector2(0, 0)
cache/0/41/0/kerning_overrides/36/0 = Vector2(0, 0)
cache/0/41/0/kerning_overrides/41/0 = Vector2(0, 0)
cache/0/41/0/kerning_overrides/46/0 = Vector2(0, 0)
cache/0/41/0/kerning_overrides/51/0 = Vector2(0, 0)
cache/0/41/0/kerning_overrides/56/0 = Vector2(0, 0)
cache/0/41/0/kerning_overrides/61/0 = Vector2(0, 0)
cache/0/41/0/kerning_overrides/66/0 = Vector2(0, 0)
cache/0/41/0/kerning_overrides/71/0 = Vector2(0, 0)
cache/0/41/0/kerning_overrides/76/0 = Vector2(0, 0)
cache/0/41/0/kerning_overrides/81/0 = Vector2(0, 0)
cache/0/41/0/kerning_overrides/91/0 = Vector2(0, 0)
cache/0/41/0/kerning_overrides/96/0 = Vector2(0, 0)
cache/0/41/0/kerning_overrides/101/0 = Vector2(0, 0)
cache/0/41/0/kerning_overrides/106/0 = Vector2(0, 0)
cache/0/41/0/kerning_overrides/111/0 = Vector2(0, 0)
cache/0/41/0/kerning_overrides/86/0 = Vector2(0, 0)
cache/0/41/0/kerning_overrides/26/0 = Vector2(0, 0)
cache/0/41/0/kerning_overrides/21/0 = Vector2(0, 0)
cache/0/41/0/kerning_overrides/11/0 = Vector2(0, 0)
cache/0/41/0/kerning_overrides/6/0 = Vector2(0, 0)
cache/0/41/0/kerning_overrides/1/0 = Vector2(0, 0)
cache/0/41/0/kerning_overrides/65/0 = Vector2(0, 0)
cache/0/41/0/kerning_overrides/64/0 = Vector2(0, 0)
cache/0/41/0/kerning_overrides/63/0 = Vector2(0, 0)
cache/0/41/0/kerning_overrides/62/0 = Vector2(0, 0)
cache/0/41/0/kerning_overrides/60/0 = Vector2(0, 0)
cache/0/46/0/ascent = 0.0
cache/0/46/0/descent = 0.0
cache/0/46/0/underline_position = 0.0
cache/0/46/0/underline_thickness = 0.0
cache/0/46/0/scale = 1.0
cache/0/46/0/kerning_overrides/16/0 = Vector2(0, 0)
cache/0/46/0/kerning_overrides/31/0 = Vector2(0, 0)
cache/0/46/0/kerning_overrides/36/0 = Vector2(0, 0)
cache/0/46/0/kerning_overrides/41/0 = Vector2(0, 0)
cache/0/46/0/kerning_overrides/46/0 = Vector2(0, 0)
cache/0/46/0/kerning_overrides/51/0 = Vector2(0, 0)
cache/0/46/0/kerning_overrides/56/0 = Vector2(0, 0)
cache/0/46/0/kerning_overrides/61/0 = Vector2(0, 0)
cache/0/46/0/kerning_overrides/66/0 = Vector2(0, 0)
cache/0/46/0/kerning_overrides/71/0 = Vector2(0, 0)
cache/0/46/0/kerning_overrides/76/0 = Vector2(0, 0)
cache/0/46/0/kerning_overrides/81/0 = Vector2(0, 0)
cache/0/46/0/kerning_overrides/91/0 = Vector2(0, 0)
cache/0/46/0/kerning_overrides/96/0 = Vector2(0, 0)
cache/0/46/0/kerning_overrides/101/0 = Vector2(0, 0)
cache/0/46/0/kerning_overrides/106/0 = Vector2(0, 0)
cache/0/46/0/kerning_overrides/111/0 = Vector2(0, 0)
cache/0/46/0/kerning_overrides/86/0 = Vector2(0, 0)
cache/0/46/0/kerning_overrides/26/0 = Vector2(0, 0)
cache/0/46/0/kerning_overrides/21/0 = Vector2(0, 0)
cache/0/46/0/kerning_overrides/11/0 = Vector2(0, 0)
cache/0/46/0/kerning_overrides/6/0 = Vector2(0, 0)
cache/0/46/0/kerning_overrides/1/0 = Vector2(0, 0)
cache/0/46/0/kerning_overrides/65/0 = Vector2(0, 0)
cache/0/46/0/kerning_overrides/64/0 = Vector2(0, 0)
cache/0/46/0/kerning_overrides/63/0 = Vector2(0, 0)
cache/0/46/0/kerning_overrides/62/0 = Vector2(0, 0)
cache/0/46/0/kerning_overrides/60/0 = Vector2(0, 0)
cache/0/51/0/ascent = 0.0
cache/0/51/0/descent = 0.0
cache/0/51/0/underline_position = 0.0
cache/0/51/0/underline_thickness = 0.0
cache/0/51/0/scale = 1.0
cache/0/51/0/kerning_overrides/16/0 = Vector2(0, 0)
cache/0/51/0/kerning_overrides/31/0 = Vector2(0, 0)
cache/0/51/0/kerning_overrides/36/0 = Vector2(0, 0)
cache/0/51/0/kerning_overrides/41/0 = Vector2(0, 0)
cache/0/51/0/kerning_overrides/46/0 = Vector2(0, 0)
cache/0/51/0/kerning_overrides/51/0 = Vector2(0, 0)
cache/0/51/0/kerning_overrides/56/0 = Vector2(0, 0)
cache/0/51/0/kerning_overrides/61/0 = Vector2(0, 0)
cache/0/51/0/kerning_overrides/66/0 = Vector2(0, 0)
cache/0/51/0/kerning_overrides/71/0 = Vector2(0, 0)
cache/0/51/0/kerning_overrides/76/0 = Vector2(0, 0)
cache/0/51/0/kerning_overrides/81/0 = Vector2(0, 0)
cache/0/51/0/kerning_overrides/91/0 = Vector2(0, 0)
cache/0/51/0/kerning_overrides/96/0 = Vector2(0, 0)
cache/0/51/0/kerning_overrides/101/0 = Vector2(0, 0)
cache/0/51/0/kerning_overrides/106/0 = Vector2(0, 0)
cache/0/51/0/kerning_overrides/111/0 = Vector2(0, 0)
cache/0/51/0/kerning_overrides/86/0 = Vector2(0, 0)
cache/0/51/0/kerning_overrides/26/0 = Vector2(0, 0)
cache/0/51/0/kerning_overrides/21/0 = Vector2(0, 0)
cache/0/51/0/kerning_overrides/11/0 = Vector2(0, 0)
cache/0/51/0/kerning_overrides/6/0 = Vector2(0, 0)
cache/0/51/0/kerning_overrides/1/0 = Vector2(0, 0)
cache/0/51/0/kerning_overrides/65/0 = Vector2(0, 0)
cache/0/51/0/kerning_overrides/64/0 = Vector2(0, 0)
cache/0/51/0/kerning_overrides/63/0 = Vector2(0, 0)
cache/0/51/0/kerning_overrides/62/0 = Vector2(0, 0)
cache/0/51/0/kerning_overrides/60/0 = Vector2(0, 0)
cache/0/56/0/ascent = 0.0
cache/0/56/0/descent = 0.0
cache/0/56/0/underline_position = 0.0
cache/0/56/0/underline_thickness = 0.0
cache/0/56/0/scale = 1.0
cache/0/56/0/kerning_overrides/16/0 = Vector2(0, 0)
cache/0/56/0/kerning_overrides/31/0 = Vector2(0, 0)
cache/0/56/0/kerning_overrides/36/0 = Vector2(0, 0)
cache/0/56/0/kerning_overrides/41/0 = Vector2(0, 0)
cache/0/56/0/kerning_overrides/46/0 = Vector2(0, 0)
cache/0/56/0/kerning_overrides/51/0 = Vector2(0, 0)
cache/0/56/0/kerning_overrides/56/0 = Vector2(0, 0)
cache/0/56/0/kerning_overrides/61/0 = Vector2(0, 0)
cache/0/56/0/kerning_overrides/66/0 = Vector2(0, 0)
cache/0/56/0/kerning_overrides/71/0 = Vector2(0, 0)
cache/0/56/0/kerning_overrides/76/0 = Vector2(0, 0)
cache/0/56/0/kerning_overrides/81/0 = Vector2(0, 0)
cache/0/56/0/kerning_overrides/91/0 = Vector2(0, 0)
cache/0/56/0/kerning_overrides/96/0 = Vector2(0, 0)
cache/0/56/0/kerning_overrides/101/0 = Vector2(0, 0)
cache/0/56/0/kerning_overrides/106/0 = Vector2(0, 0)
cache/0/56/0/kerning_overrides/111/0 = Vector2(0, 0)
cache/0/56/0/kerning_overrides/86/0 = Vector2(0, 0)
cache/0/56/0/kerning_overrides/26/0 = Vector2(0, 0)
cache/0/56/0/kerning_overrides/21/0 = Vector2(0, 0)
cache/0/56/0/kerning_overrides/11/0 = Vector2(0, 0)
cache/0/56/0/kerning_overrides/6/0 = Vector2(0, 0)
cache/0/56/0/kerning_overrides/1/0 = Vector2(0, 0)
cache/0/56/0/kerning_overrides/65/0 = Vector2(0, 0)
cache/0/56/0/kerning_overrides/64/0 = Vector2(0, 0)
cache/0/56/0/kerning_overrides/63/0 = Vector2(0, 0)
cache/0/56/0/kerning_overrides/62/0 = Vector2(0, 0)
cache/0/56/0/kerning_overrides/60/0 = Vector2(0, 0)
cache/0/61/0/ascent = 0.0
cache/0/61/0/descent = 0.0
cache/0/61/0/underline_position = 0.0
cache/0/61/0/underline_thickness = 0.0
cache/0/61/0/scale = 1.0
cache/0/61/0/kerning_overrides/16/0 = Vector2(0, 0)
cache/0/61/0/kerning_overrides/31/0 = Vector2(0, 0)
cache/0/61/0/kerning_overrides/36/0 = Vector2(0, 0)
cache/0/61/0/kerning_overrides/41/0 = Vector2(0, 0)
cache/0/61/0/kerning_overrides/46/0 = Vector2(0, 0)
cache/0/61/0/kerning_overrides/51/0 = Vector2(0, 0)
cache/0/61/0/kerning_overrides/56/0 = Vector2(0, 0)
cache/0/61/0/kerning_overrides/61/0 = Vector2(0, 0)
cache/0/61/0/kerning_overrides/66/0 = Vector2(0, 0)
cache/0/61/0/kerning_overrides/71/0 = Vector2(0, 0)
cache/0/61/0/kerning_overrides/76/0 = Vector2(0, 0)
cache/0/61/0/kerning_overrides/81/0 = Vector2(0, 0)
cache/0/61/0/kerning_overrides/91/0 = Vector2(0, 0)
cache/0/61/0/kerning_overrides/96/0 = Vector2(0, 0)
cache/0/61/0/kerning_overrides/101/0 = Vector2(0, 0)
cache/0/61/0/kerning_overrides/106/0 = Vector2(0, 0)
cache/0/61/0/kerning_overrides/111/0 = Vector2(0, 0)
cache/0/61/0/kerning_overrides/86/0 = Vector2(0, 0)
cache/0/61/0/kerning_overrides/26/0 = Vector2(0, 0)
cache/0/61/0/kerning_overrides/21/0 = Vector2(0, 0)
cache/0/61/0/kerning_overrides/11/0 = Vector2(0, 0)
cache/0/61/0/kerning_overrides/6/0 = Vector2(0, 0)
cache/0/61/0/kerning_overrides/1/0 = Vector2(0, 0)
cache/0/61/0/kerning_overrides/65/0 = Vector2(0, 0)
cache/0/61/0/kerning_overrides/64/0 = Vector2(0, 0)
cache/0/61/0/kerning_overrides/63/0 = Vector2(0, 0)
cache/0/61/0/kerning_overrides/62/0 = Vector2(0, 0)
cache/0/61/0/kerning_overrides/60/0 = Vector2(0, 0)
cache/0/66/0/ascent = 0.0
cache/0/66/0/descent = 0.0
cache/0/66/0/underline_position = 0.0
cache/0/66/0/underline_thickness = 0.0
cache/0/66/0/scale = 1.0
cache/0/66/0/kerning_overrides/16/0 = Vector2(0, 0)
cache/0/66/0/kerning_overrides/31/0 = Vector2(0, 0)
cache/0/66/0/kerning_overrides/36/0 = Vector2(0, 0)
cache/0/66/0/kerning_overrides/41/0 = Vector2(0, 0)
cache/0/66/0/kerning_overrides/46/0 = Vector2(0, 0)
cache/0/66/0/kerning_overrides/51/0 = Vector2(0, 0)
cache/0/66/0/kerning_overrides/56/0 = Vector2(0, 0)
cache/0/66/0/kerning_overrides/61/0 = Vector2(0, 0)
cache/0/66/0/kerning_overrides/66/0 = Vector2(0, 0)
cache/0/66/0/kerning_overrides/71/0 = Vector2(0, 0)
cache/0/66/0/kerning_overrides/76/0 = Vector2(0, 0)
cache/0/66/0/kerning_overrides/81/0 = Vector2(0, 0)
cache/0/66/0/kerning_overrides/91/0 = Vector2(0, 0)
cache/0/66/0/kerning_overrides/96/0 = Vector2(0, 0)
cache/0/66/0/kerning_overrides/101/0 = Vector2(0, 0)
cache/0/66/0/kerning_overrides/106/0 = Vector2(0, 0)
cache/0/66/0/kerning_overrides/111/0 = Vector2(0, 0)
cache/0/66/0/kerning_overrides/86/0 = Vector2(0, 0)
cache/0/66/0/kerning_overrides/26/0 = Vector2(0, 0)
cache/0/66/0/kerning_overrides/21/0 = Vector2(0, 0)
cache/0/66/0/kerning_overrides/11/0 = Vector2(0, 0)
cache/0/66/0/kerning_overrides/6/0 = Vector2(0, 0)
cache/0/66/0/kerning_overrides/1/0 = Vector2(0, 0)
cache/0/66/0/kerning_overrides/65/0 = Vector2(0, 0)
cache/0/66/0/kerning_overrides/64/0 = Vector2(0, 0)
cache/0/66/0/kerning_overrides/63/0 = Vector2(0, 0)
cache/0/66/0/kerning_overrides/62/0 = Vector2(0, 0)
cache/0/66/0/kerning_overrides/60/0 = Vector2(0, 0)
cache/0/71/0/ascent = 0.0
cache/0/71/0/descent = 0.0
cache/0/71/0/underline_position = 0.0
cache/0/71/0/underline_thickness = 0.0
cache/0/71/0/scale = 1.0
cache/0/71/0/kerning_overrides/16/0 = Vector2(0, 0)
cache/0/71/0/kerning_overrides/31/0 = Vector2(0, 0)
cache/0/71/0/kerning_overrides/36/0 = Vector2(0, 0)
cache/0/71/0/kerning_overrides/41/0 = Vector2(0, 0)
cache/0/71/0/kerning_overrides/46/0 = Vector2(0, 0)
cache/0/71/0/kerning_overrides/51/0 = Vector2(0, 0)
cache/0/71/0/kerning_overrides/56/0 = Vector2(0, 0)
cache/0/71/0/kerning_overrides/61/0 = Vector2(0, 0)
cache/0/71/0/kerning_overrides/66/0 = Vector2(0, 0)
cache/0/71/0/kerning_overrides/71/0 = Vector2(0, 0)
cache/0/71/0/kerning_overrides/76/0 = Vector2(0, 0)
cache/0/71/0/kerning_overrides/81/0 = Vector2(0, 0)
cache/0/71/0/kerning_overrides/91/0 = Vector2(0, 0)
cache/0/71/0/kerning_overrides/96/0 = Vector2(0, 0)
cache/0/71/0/kerning_overrides/101/0 = Vector2(0, 0)
cache/0/71/0/kerning_overrides/106/0 = Vector2(0, 0)
cache/0/71/0/kerning_overrides/111/0 = Vector2(0, 0)
cache/0/71/0/kerning_overrides/86/0 = Vector2(0, 0)
cache/0/71/0/kerning_overrides/26/0 = Vector2(0, 0)
cache/0/71/0/kerning_overrides/21/0 = Vector2(0, 0)
cache/0/71/0/kerning_overrides/11/0 = Vector2(0, 0)
cache/0/71/0/kerning_overrides/6/0 = Vector2(0, 0)
cache/0/71/0/kerning_overrides/1/0 = Vector2(0, 0)
cache/0/71/0/kerning_overrides/65/0 = Vector2(0, 0)
cache/0/71/0/kerning_overrides/64/0 = Vector2(0, 0)
cache/0/71/0/kerning_overrides/63/0 = Vector2(0, 0)
cache/0/71/0/kerning_overrides/62/0 = Vector2(0, 0)
cache/0/71/0/kerning_overrides/60/0 = Vector2(0, 0)
cache/0/76/0/ascent = 0.0
cache/0/76/0/descent = 0.0
cache/0/76/0/underline_position = 0.0
cache/0/76/0/underline_thickness = 0.0
cache/0/76/0/scale = 1.0
cache/0/76/0/kerning_overrides/16/0 = Vector2(0, 0)
cache/0/76/0/kerning_overrides/31/0 = Vector2(0, 0)
cache/0/76/0/kerning_overrides/36/0 = Vector2(0, 0)
cache/0/76/0/kerning_overrides/41/0 = Vector2(0, 0)
cache/0/76/0/kerning_overrides/46/0 = Vector2(0, 0)
cache/0/76/0/kerning_overrides/51/0 = Vector2(0, 0)
cache/0/76/0/kerning_overrides/56/0 = Vector2(0, 0)
cache/0/76/0/kerning_overrides/61/0 = Vector2(0, 0)
cache/0/76/0/kerning_overrides/66/0 = Vector2(0, 0)
cache/0/76/0/kerning_overrides/71/0 = Vector2(0, 0)
cache/0/76/0/kerning_overrides/76/0 = Vector2(0, 0)
cache/0/76/0/kerning_overrides/81/0 = Vector2(0, 0)
cache/0/76/0/kerning_overrides/91/0 = Vector2(0, 0)
cache/0/76/0/kerning_overrides/96/0 = Vector2(0, 0)
cache/0/76/0/kerning_overrides/101/0 = Vector2(0, 0)
cache/0/76/0/kerning_overrides/106/0 = Vector2(0, 0)
cache/0/76/0/kerning_overrides/111/0 = Vector2(0, 0)
cache/0/76/0/kerning_overrides/86/0 = Vector2(0, 0)
cache/0/76/0/kerning_overrides/26/0 = Vector2(0, 0)
cache/0/76/0/kerning_overrides/21/0 = Vector2(0, 0)
cache/0/76/0/kerning_overrides/11/0 = Vector2(0, 0)
cache/0/76/0/kerning_overrides/6/0 = Vector2(0, 0)
cache/0/76/0/kerning_overrides/1/0 = Vector2(0, 0)
cache/0/76/0/kerning_overrides/65/0 = Vector2(0, 0)
cache/0/76/0/kerning_overrides/64/0 = Vector2(0, 0)
cache/0/76/0/kerning_overrides/63/0 = Vector2(0, 0)
cache/0/76/0/kerning_overrides/62/0 = Vector2(0, 0)
cache/0/76/0/kerning_overrides/60/0 = Vector2(0, 0)
cache/0/81/0/ascent = 0.0
cache/0/81/0/descent = 0.0
cache/0/81/0/underline_position = 0.0
cache/0/81/0/underline_thickness = 0.0
cache/0/81/0/scale = 1.0
cache/0/81/0/kerning_overrides/16/0 = Vector2(0, 0)
cache/0/81/0/kerning_overrides/31/0 = Vector2(0, 0)
cache/0/81/0/kerning_overrides/36/0 = Vector2(0, 0)
cache/0/81/0/kerning_overrides/41/0 = Vector2(0, 0)
cache/0/81/0/kerning_overrides/46/0 = Vector2(0, 0)
cache/0/81/0/kerning_overrides/51/0 = Vector2(0, 0)
cache/0/81/0/kerning_overrides/56/0 = Vector2(0, 0)
cache/0/81/0/kerning_overrides/61/0 = Vector2(0, 0)
cache/0/81/0/kerning_overrides/66/0 = Vector2(0, 0)
cache/0/81/0/kerning_overrides/71/0 = Vector2(0, 0)
cache/0/81/0/kerning_overrides/76/0 = Vector2(0, 0)
cache/0/81/0/kerning_overrides/81/0 = Vector2(0, 0)
cache/0/81/0/kerning_overrides/91/0 = Vector2(0, 0)
cache/0/81/0/kerning_overrides/96/0 = Vector2(0, 0)
cache/0/81/0/kerning_overrides/101/0 = Vector2(0, 0)
cache/0/81/0/kerning_overrides/106/0 = Vector2(0, 0)
cache/0/81/0/kerning_overrides/111/0 = Vector2(0, 0)
cache/0/81/0/kerning_overrides/86/0 = Vector2(0, 0)
cache/0/81/0/kerning_overrides/26/0 = Vector2(0, 0)
cache/0/81/0/kerning_overrides/21/0 = Vector2(0, 0)
cache/0/81/0/kerning_overrides/11/0 = Vector2(0, 0)
cache/0/81/0/kerning_overrides/6/0 = Vector2(0, 0)
cache/0/81/0/kerning_overrides/1/0 = Vector2(0, 0)
cache/0/81/0/kerning_overrides/65/0 = Vector2(0, 0)
cache/0/81/0/kerning_overrides/64/0 = Vector2(0, 0)
cache/0/81/0/kerning_overrides/63/0 = Vector2(0, 0)
cache/0/81/0/kerning_overrides/62/0 = Vector2(0, 0)
cache/0/81/0/kerning_overrides/60/0 = Vector2(0, 0)
cache/0/91/0/ascent = 0.0
cache/0/91/0/descent = 0.0
cache/0/91/0/underline_position = 0.0
cache/0/91/0/underline_thickness = 0.0
cache/0/91/0/scale = 1.0
cache/0/91/0/kerning_overrides/16/0 = Vector2(0, 0)
cache/0/91/0/kerning_overrides/31/0 = Vector2(0, 0)
cache/0/91/0/kerning_overrides/36/0 = Vector2(0, 0)
cache/0/91/0/kerning_overrides/41/0 = Vector2(0, 0)
cache/0/91/0/kerning_overrides/46/0 = Vector2(0, 0)
cache/0/91/0/kerning_overrides/51/0 = Vector2(0, 0)
cache/0/91/0/kerning_overrides/56/0 = Vector2(0, 0)
cache/0/91/0/kerning_overrides/61/0 = Vector2(0, 0)
cache/0/91/0/kerning_overrides/66/0 = Vector2(0, 0)
cache/0/91/0/kerning_overrides/71/0 = Vector2(0, 0)
cache/0/91/0/kerning_overrides/76/0 = Vector2(0, 0)
cache/0/91/0/kerning_overrides/81/0 = Vector2(0, 0)
cache/0/91/0/kerning_overrides/91/0 = Vector2(0, 0)
cache/0/91/0/kerning_overrides/96/0 = Vector2(0, 0)
cache/0/91/0/kerning_overrides/101/0 = Vector2(0, 0)
cache/0/91/0/kerning_overrides/106/0 = Vector2(0, 0)
cache/0/91/0/kerning_overrides/111/0 = Vector2(0, 0)
cache/0/91/0/kerning_overrides/86/0 = Vector2(0, 0)
cache/0/91/0/kerning_overrides/26/0 = Vector2(0, 0)
cache/0/91/0/kerning_overrides/21/0 = Vector2(0, 0)
cache/0/91/0/kerning_overrides/11/0 = Vector2(0, 0)
cache/0/91/0/kerning_overrides/6/0 = Vector2(0, 0)
cache/0/91/0/kerning_overrides/1/0 = Vector2(0, 0)
cache/0/91/0/kerning_overrides/65/0 = Vector2(0, 0)
cache/0/91/0/kerning_overrides/64/0 = Vector2(0, 0)
cache/0/91/0/kerning_overrides/63/0 = Vector2(0, 0)
cache/0/91/0/kerning_overrides/62/0 = Vector2(0, 0)
cache/0/91/0/kerning_overrides/60/0 = Vector2(0, 0)
cache/0/96/0/ascent = 0.0
cache/0/96/0/descent = 0.0
cache/0/96/0/underline_position = 0.0
cache/0/96/0/underline_thickness = 0.0
cache/0/96/0/scale = 1.0
cache/0/96/0/kerning_overrides/16/0 = Vector2(0, 0)
cache/0/96/0/kerning_overrides/31/0 = Vector2(0, 0)
cache/0/96/0/kerning_overrides/36/0 = Vector2(0, 0)
cache/0/96/0/kerning_overrides/41/0 = Vector2(0, 0)
cache/0/96/0/kerning_overrides/46/0 = Vector2(0, 0)
cache/0/96/0/kerning_overrides/51/0 = Vector2(0, 0)
cache/0/96/0/kerning_overrides/56/0 = Vector2(0, 0)
cache/0/96/0/kerning_overrides/61/0 = Vector2(0, 0)
cache/0/96/0/kerning_overrides/66/0 = Vector2(0, 0)
cache/0/96/0/kerning_overrides/71/0 = Vector2(0, 0)
cache/0/96/0/kerning_overrides/76/0 = Vector2(0, 0)
cache/0/96/0/kerning_overrides/81/0 = Vector2(0, 0)
cache/0/96/0/kerning_overrides/91/0 = Vector2(0, 0)
cache/0/96/0/kerning_overrides/96/0 = Vector2(0, 0)
cache/0/96/0/kerning_overrides/101/0 = Vector2(0, 0)
cache/0/96/0/kerning_overrides/106/0 = Vector2(0, 0)
cache/0/96/0/kerning_overrides/111/0 = Vector2(0, 0)
cache/0/96/0/kerning_overrides/86/0 = Vector2(0, 0)
cache/0/96/0/kerning_overrides/26/0 = Vector2(0, 0)
cache/0/96/0/kerning_overrides/21/0 = Vector2(0, 0)
cache/0/96/0/kerning_overrides/11/0 = Vector2(0, 0)
cache/0/96/0/kerning_overrides/6/0 = Vector2(0, 0)
cache/0/96/0/kerning_overrides/1/0 = Vector2(0, 0)
cache/0/96/0/kerning_overrides/65/0 = Vector2(0, 0)
cache/0/96/0/kerning_overrides/64/0 = Vector2(0, 0)
cache/0/96/0/kerning_overrides/63/0 = Vector2(0, 0)
cache/0/96/0/kerning_overrides/62/0 = Vector2(0, 0)
cache/0/96/0/kerning_overrides/60/0 = Vector2(0, 0)
cache/0/101/0/ascent = 0.0
cache/0/101/0/descent = 0.0
cache/0/101/0/underline_position = 0.0
cache/0/101/0/underline_thickness = 0.0
cache/0/101/0/scale = 1.0
cache/0/101/0/kerning_overrides/16/0 = Vector2(0, 0)
cache/0/101/0/kerning_overrides/31/0 = Vector2(0, 0)
cache/0/101/0/kerning_overrides/36/0 = Vector2(0, 0)
cache/0/101/0/kerning_overrides/41/0 = Vector2(0, 0)
cache/0/101/0/kerning_overrides/46/0 = Vector2(0, 0)
cache/0/101/0/kerning_overrides/51/0 = Vector2(0, 0)
cache/0/101/0/kerning_overrides/56/0 = Vector2(0, 0)
cache/0/101/0/kerning_overrides/61/0 = Vector2(0, 0)
cache/0/101/0/kerning_overrides/66/0 = Vector2(0, 0)
cache/0/101/0/kerning_overrides/71/0 = Vector2(0, 0)
cache/0/101/0/kerning_overrides/76/0 = Vector2(0, 0)
cache/0/101/0/kerning_overrides/81/0 = Vector2(0, 0)
cache/0/101/0/kerning_overrides/91/0 = Vector2(0, 0)
cache/0/101/0/kerning_overrides/96/0 = Vector2(0, 0)
cache/0/101/0/kerning_overrides/101/0 = Vector2(0, 0)
cache/0/101/0/kerning_overrides/106/0 = Vector2(0, 0)
cache/0/101/0/kerning_overrides/111/0 = Vector2(0, 0)
cache/0/101/0/kerning_overrides/86/0 = Vector2(0, 0)
cache/0/101/0/kerning_overrides/26/0 = Vector2(0, 0)
cache/0/101/0/kerning_overrides/21/0 = Vector2(0, 0)
cache/0/101/0/kerning_overrides/11/0 = Vector2(0, 0)
cache/0/101/0/kerning_overrides/6/0 = Vector2(0, 0)
cache/0/101/0/kerning_overrides/1/0 = Vector2(0, 0)
cache/0/101/0/kerning_overrides/65/0 = Vector2(0, 0)
cache/0/101/0/kerning_overrides/64/0 = Vector2(0, 0)
cache/0/101/0/kerning_overrides/63/0 = Vector2(0, 0)
cache/0/101/0/kerning_overrides/62/0 = Vector2(0, 0)
cache/0/101/0/kerning_overrides/60/0 = Vector2(0, 0)
cache/0/106/0/ascent = 0.0
cache/0/106/0/descent = 0.0
cache/0/106/0/underline_position = 0.0
cache/0/106/0/underline_thickness = 0.0
cache/0/106/0/scale = 1.0
cache/0/106/0/kerning_overrides/16/0 = Vector2(0, 0)
cache/0/106/0/kerning_overrides/31/0 = Vector2(0, 0)
cache/0/106/0/kerning_overrides/36/0 = Vector2(0, 0)
cache/0/106/0/kerning_overrides/41/0 = Vector2(0, 0)
cache/0/106/0/kerning_overrides/46/0 = Vector2(0, 0)
cache/0/106/0/kerning_overrides/51/0 = Vector2(0, 0)
cache/0/106/0/kerning_overrides/56/0 = Vector2(0, 0)
cache/0/106/0/kerning_overrides/61/0 = Vector2(0, 0)
cache/0/106/0/kerning_overrides/66/0 = Vector2(0, 0)
cache/0/106/0/kerning_overrides/71/0 = Vector2(0, 0)
cache/0/106/0/kerning_overrides/76/0 = Vector2(0, 0)
cache/0/106/0/kerning_overrides/81/0 = Vector2(0, 0)
cache/0/106/0/kerning_overrides/91/0 = Vector2(0, 0)
cache/0/106/0/kerning_overrides/96/0 = Vector2(0, 0)
cache/0/106/0/kerning_overrides/101/0 = Vector2(0, 0)
cache/0/106/0/kerning_overrides/106/0 = Vector2(0, 0)
cache/0/106/0/kerning_overrides/111/0 = Vector2(0, 0)
cache/0/106/0/kerning_overrides/86/0 = Vector2(0, 0)
cache/0/106/0/kerning_overrides/26/0 = Vector2(0, 0)
cache/0/106/0/kerning_overrides/21/0 = Vector2(0, 0)
cache/0/106/0/kerning_overrides/11/0 = Vector2(0, 0)
cache/0/106/0/kerning_overrides/6/0 = Vector2(0, 0)
cache/0/106/0/kerning_overrides/1/0 = Vector2(0, 0)
cache/0/106/0/kerning_overrides/65/0 = Vector2(0, 0)
cache/0/106/0/kerning_overrides/64/0 = Vector2(0, 0)
cache/0/106/0/kerning_overrides/63/0 = Vector2(0, 0)
cache/0/106/0/kerning_overrides/62/0 = Vector2(0, 0)
cache/0/106/0/kerning_overrides/60/0 = Vector2(0, 0)
cache/0/111/0/ascent = 0.0
cache/0/111/0/descent = 0.0
cache/0/111/0/underline_position = 0.0
cache/0/111/0/underline_thickness = 0.0
cache/0/111/0/scale = 1.0
cache/0/111/0/kerning_overrides/16/0 = Vector2(0, 0)
cache/0/111/0/kerning_overrides/31/0 = Vector2(0, 0)
cache/0/111/0/kerning_overrides/36/0 = Vector2(0, 0)
cache/0/111/0/kerning_overrides/41/0 = Vector2(0, 0)
cache/0/111/0/kerning_overrides/46/0 = Vector2(0, 0)
cache/0/111/0/kerning_overrides/51/0 = Vector2(0, 0)
cache/0/111/0/kerning_overrides/56/0 = Vector2(0, 0)
cache/0/111/0/kerning_overrides/61/0 = Vector2(0, 0)
cache/0/111/0/kerning_overrides/66/0 = Vector2(0, 0)
cache/0/111/0/kerning_overrides/71/0 = Vector2(0, 0)
cache/0/111/0/kerning_overrides/76/0 = Vector2(0, 0)
cache/0/111/0/kerning_overrides/81/0 = Vector2(0, 0)
cache/0/111/0/kerning_overrides/91/0 = Vector2(0, 0)
cache/0/111/0/kerning_overrides/96/0 = Vector2(0, 0)
cache/0/111/0/kerning_overrides/101/0 = Vector2(0, 0)
cache/0/111/0/kerning_overrides/106/0 = Vector2(0, 0)
cache/0/111/0/kerning_overrides/111/0 = Vector2(0, 0)
cache/0/111/0/kerning_overrides/86/0 = Vector2(0, 0)
cache/0/111/0/kerning_overrides/26/0 = Vector2(0, 0)
cache/0/111/0/kerning_overrides/21/0 = Vector2(0, 0)
cache/0/111/0/kerning_overrides/11/0 = Vector2(0, 0)
cache/0/111/0/kerning_overrides/6/0 = Vector2(0, 0)
cache/0/111/0/kerning_overrides/1/0 = Vector2(0, 0)
cache/0/111/0/kerning_overrides/65/0 = Vector2(0, 0)
cache/0/111/0/kerning_overrides/64/0 = Vector2(0, 0)
cache/0/111/0/kerning_overrides/63/0 = Vector2(0, 0)
cache/0/111/0/kerning_overrides/62/0 = Vector2(0, 0)
cache/0/111/0/kerning_overrides/60/0 = Vector2(0, 0)
cache/0/86/0/ascent = 0.0
cache/0/86/0/descent = 0.0
cache/0/86/0/underline_position = 0.0
cache/0/86/0/underline_thickness = 0.0
cache/0/86/0/scale = 1.0
cache/0/86/0/kerning_overrides/16/0 = Vector2(0, 0)
cache/0/86/0/kerning_overrides/31/0 = Vector2(0, 0)
cache/0/86/0/kerning_overrides/36/0 = Vector2(0, 0)
cache/0/86/0/kerning_overrides/41/0 = Vector2(0, 0)
cache/0/86/0/kerning_overrides/46/0 = Vector2(0, 0)
cache/0/86/0/kerning_overrides/51/0 = Vector2(0, 0)
cache/0/86/0/kerning_overrides/56/0 = Vector2(0, 0)
cache/0/86/0/kerning_overrides/61/0 = Vector2(0, 0)
cache/0/86/0/kerning_overrides/66/0 = Vector2(0, 0)
cache/0/86/0/kerning_overrides/71/0 = Vector2(0, 0)
cache/0/86/0/kerning_overrides/76/0 = Vector2(0, 0)
cache/0/86/0/kerning_overrides/81/0 = Vector2(0, 0)
cache/0/86/0/kerning_overrides/91/0 = Vector2(0, 0)
cache/0/86/0/kerning_overrides/96/0 = Vector2(0, 0)
cache/0/86/0/kerning_overrides/101/0 = Vector2(0, 0)
cache/0/86/0/kerning_overrides/106/0 = Vector2(0, 0)
cache/0/86/0/kerning_overrides/111/0 = Vector2(0, 0)
cache/0/86/0/kerning_overrides/86/0 = Vector2(0, 0)
cache/0/86/0/kerning_overrides/26/0 = Vector2(0, 0)
cache/0/86/0/kerning_overrides/21/0 = Vector2(0, 0)
cache/0/86/0/kerning_overrides/11/0 = Vector2(0, 0)
cache/0/86/0/kerning_overrides/6/0 = Vector2(0, 0)
cache/0/86/0/kerning_overrides/1/0 = Vector2(0, 0)
cache/0/86/0/kerning_overrides/65/0 = Vector2(0, 0)
cache/0/86/0/kerning_overrides/64/0 = Vector2(0, 0)
cache/0/86/0/kerning_overrides/63/0 = Vector2(0, 0)
cache/0/86/0/kerning_overrides/62/0 = Vector2(0, 0)
cache/0/86/0/kerning_overrides/60/0 = Vector2(0, 0)
cache/0/26/0/ascent = 0.0
cache/0/26/0/descent = 0.0
cache/0/26/0/underline_position = 0.0
cache/0/26/0/underline_thickness = 0.0
cache/0/26/0/scale = 1.0
cache/0/26/0/kerning_overrides/16/0 = Vector2(0, 0)
cache/0/26/0/kerning_overrides/31/0 = Vector2(0, 0)
cache/0/26/0/kerning_overrides/36/0 = Vector2(0, 0)
cache/0/26/0/kerning_overrides/41/0 = Vector2(0, 0)
cache/0/26/0/kerning_overrides/46/0 = Vector2(0, 0)
cache/0/26/0/kerning_overrides/51/0 = Vector2(0, 0)
cache/0/26/0/kerning_overrides/56/0 = Vector2(0, 0)
cache/0/26/0/kerning_overrides/61/0 = Vector2(0, 0)
cache/0/26/0/kerning_overrides/66/0 = Vector2(0, 0)
cache/0/26/0/kerning_overrides/71/0 = Vector2(0, 0)
cache/0/26/0/kerning_overrides/76/0 = Vector2(0, 0)
cache/0/26/0/kerning_overrides/81/0 = Vector2(0, 0)
cache/0/26/0/kerning_overrides/91/0 = Vector2(0, 0)
cache/0/26/0/kerning_overrides/96/0 = Vector2(0, 0)
cache/0/26/0/kerning_overrides/101/0 = Vector2(0, 0)
cache/0/26/0/kerning_overrides/106/0 = Vector2(0, 0)
cache/0/26/0/kerning_overrides/111/0 = Vector2(0, 0)
cache/0/26/0/kerning_overrides/86/0 = Vector2(0, 0)
cache/0/26/0/kerning_overrides/26/0 = Vector2(0, 0)
cache/0/26/0/kerning_overrides/21/0 = Vector2(0, 0)
cache/0/26/0/kerning_overrides/11/0 = Vector2(0, 0)
cache/0/26/0/kerning_overrides/6/0 = Vector2(0, 0)
cache/0/26/0/kerning_overrides/1/0 = Vector2(0, 0)
cache/0/26/0/kerning_overrides/65/0 = Vector2(0, 0)
cache/0/26/0/kerning_overrides/64/0 = Vector2(0, 0)
cache/0/26/0/kerning_overrides/63/0 = Vector2(0, 0)
cache/0/26/0/kerning_overrides/62/0 = Vector2(0, 0)
cache/0/26/0/kerning_overrides/60/0 = Vector2(0, 0)
cache/0/21/0/ascent = 0.0
cache/0/21/0/descent = 0.0
cache/0/21/0/underline_position = 0.0
cache/0/21/0/underline_thickness = 0.0
cache/0/21/0/scale = 1.0
cache/0/21/0/kerning_overrides/16/0 = Vector2(0, 0)
cache/0/21/0/kerning_overrides/31/0 = Vector2(0, 0)
cache/0/21/0/kerning_overrides/36/0 = Vector2(0, 0)
cache/0/21/0/kerning_overrides/41/0 = Vector2(0, 0)
cache/0/21/0/kerning_overrides/46/0 = Vector2(0, 0)
cache/0/21/0/kerning_overrides/51/0 = Vector2(0, 0)
cache/0/21/0/kerning_overrides/56/0 = Vector2(0, 0)
cache/0/21/0/kerning_overrides/61/0 = Vector2(0, 0)
cache/0/21/0/kerning_overrides/66/0 = Vector2(0, 0)
cache/0/21/0/kerning_overrides/71/0 = Vector2(0, 0)
cache/0/21/0/kerning_overrides/76/0 = Vector2(0, 0)
cache/0/21/0/kerning_overrides/81/0 = Vector2(0, 0)
cache/0/21/0/kerning_overrides/91/0 = Vector2(0, 0)
cache/0/21/0/kerning_overrides/96/0 = Vector2(0, 0)
cache/0/21/0/kerning_overrides/101/0 = Vector2(0, 0)
cache/0/21/0/kerning_overrides/106/0 = Vector2(0, 0)
cache/0/21/0/kerning_overrides/111/0 = Vector2(0, 0)
cache/0/21/0/kerning_overrides/86/0 = Vector2(0, 0)
cache/0/21/0/kerning_overrides/26/0 = Vector2(0, 0)
cache/0/21/0/kerning_overrides/21/0 = Vector2(0, 0)
cache/0/21/0/kerning_overrides/11/0 = Vector2(0, 0)
cache/0/21/0/kerning_overrides/6/0 = Vector2(0, 0)
cache/0/21/0/kerning_overrides/1/0 = Vector2(0, 0)
cache/0/21/0/kerning_overrides/65/0 = Vector2(0, 0)
cache/0/21/0/kerning_overrides/64/0 = Vector2(0, 0)
cache/0/21/0/kerning_overrides/63/0 = Vector2(0, 0)
cache/0/21/0/kerning_overrides/62/0 = Vector2(0, 0)
cache/0/21/0/kerning_overrides/60/0 = Vector2(0, 0)
cache/0/11/0/ascent = 0.0
cache/0/11/0/descent = 0.0
cache/0/11/0/underline_position = 0.0
cache/0/11/0/underline_thickness = 0.0
cache/0/11/0/scale = 1.0
cache/0/11/0/kerning_overrides/16/0 = Vector2(0, 0)
cache/0/11/0/kerning_overrides/31/0 = Vector2(0, 0)
cache/0/11/0/kerning_overrides/36/0 = Vector2(0, 0)
cache/0/11/0/kerning_overrides/41/0 = Vector2(0, 0)
cache/0/11/0/kerning_overrides/46/0 = Vector2(0, 0)
cache/0/11/0/kerning_overrides/51/0 = Vector2(0, 0)
cache/0/11/0/kerning_overrides/56/0 = Vector2(0, 0)
cache/0/11/0/kerning_overrides/61/0 = Vector2(0, 0)
cache/0/11/0/kerning_overrides/66/0 = Vector2(0, 0)
cache/0/11/0/kerning_overrides/71/0 = Vector2(0, 0)
cache/0/11/0/kerning_overrides/76/0 = Vector2(0, 0)
cache/0/11/0/kerning_overrides/81/0 = Vector2(0, 0)
cache/0/11/0/kerning_overrides/91/0 = Vector2(0, 0)
cache/0/11/0/kerning_overrides/96/0 = Vector2(0, 0)
cache/0/11/0/kerning_overrides/101/0 = Vector2(0, 0)
cache/0/11/0/kerning_overrides/106/0 = Vector2(0, 0)
cache/0/11/0/kerning_overrides/111/0 = Vector2(0, 0)
cache/0/11/0/kerning_overrides/86/0 = Vector2(0, 0)
cache/0/11/0/kerning_overrides/26/0 = Vector2(0, 0)
cache/0/11/0/kerning_overrides/21/0 = Vector2(0, 0)
cache/0/11/0/kerning_overrides/11/0 = Vector2(0, 0)
cache/0/11/0/kerning_overrides/6/0 = Vector2(0, 0)
cache/0/11/0/kerning_overrides/1/0 = Vector2(0, 0)
cache/0/11/0/kerning_overrides/65/0 = Vector2(0, 0)
cache/0/11/0/kerning_overrides/64/0 = Vector2(0, 0)
cache/0/11/0/kerning_overrides/63/0 = Vector2(0, 0)
cache/0/11/0/kerning_overrides/62/0 = Vector2(0, 0)
cache/0/11/0/kerning_overrides/60/0 = Vector2(0, 0)
cache/0/6/0/ascent = 0.0
cache/0/6/0/descent = 0.0
cache/0/6/0/underline_position = 0.0
cache/0/6/0/underline_thickness = 0.0
cache/0/6/0/scale = 1.0
cache/0/6/0/kerning_overrides/16/0 = Vector2(0, 0)
cache/0/6/0/kerning_overrides/31/0 = Vector2(0, 0)
cache/0/6/0/kerning_overrides/36/0 = Vector2(0, 0)
cache/0/6/0/kerning_overrides/41/0 = Vector2(0, 0)
cache/0/6/0/kerning_overrides/46/0 = Vector2(0, 0)
cache/0/6/0/kerning_overrides/51/0 = Vector2(0, 0)
cache/0/6/0/kerning_overrides/56/0 = Vector2(0, 0)
cache/0/6/0/kerning_overrides/61/0 = Vector2(0, 0)
cache/0/6/0/kerning_overrides/66/0 = Vector2(0, 0)
cache/0/6/0/kerning_overrides/71/0 = Vector2(0, 0)
cache/0/6/0/kerning_overrides/76/0 = Vector2(0, 0)
cache/0/6/0/kerning_overrides/81/0 = Vector2(0, 0)
cache/0/6/0/kerning_overrides/91/0 = Vector2(0, 0)
cache/0/6/0/kerning_overrides/96/0 = Vector2(0, 0)
cache/0/6/0/kerning_overrides/101/0 = Vector2(0, 0)
cache/0/6/0/kerning_overrides/106/0 = Vector2(0, 0)
cache/0/6/0/kerning_overrides/111/0 = Vector2(0, 0)
cache/0/6/0/kerning_overrides/86/0 = Vector2(0, 0)
cache/0/6/0/kerning_overrides/26/0 = Vector2(0, 0)
cache/0/6/0/kerning_overrides/21/0 = Vector2(0, 0)
cache/0/6/0/kerning_overrides/11/0 = Vector2(0, 0)
cache/0/6/0/kerning_overrides/6/0 = Vector2(0, 0)
cache/0/6/0/kerning_overrides/1/0 = Vector2(0, 0)
cache/0/6/0/kerning_overrides/65/0 = Vector2(0, 0)
cache/0/6/0/kerning_overrides/64/0 = Vector2(0, 0)
cache/0/6/0/kerning_overrides/63/0 = Vector2(0, 0)
cache/0/6/0/kerning_overrides/62/0 = Vector2(0, 0)
cache/0/6/0/kerning_overrides/60/0 = Vector2(0, 0)
cache/0/1/0/ascent = 0.0
cache/0/1/0/descent = 0.0
cache/0/1/0/underline_position = 0.0
cache/0/1/0/underline_thickness = 0.0
cache/0/1/0/scale = 1.0
cache/0/1/0/kerning_overrides/16/0 = Vector2(0, 0)
cache/0/1/0/kerning_overrides/31/0 = Vector2(0, 0)
cache/0/1/0/kerning_overrides/36/0 = Vector2(0, 0)
cache/0/1/0/kerning_overrides/41/0 = Vector2(0, 0)
cache/0/1/0/kerning_overrides/46/0 = Vector2(0, 0)
cache/0/1/0/kerning_overrides/51/0 = Vector2(0, 0)
cache/0/1/0/kerning_overrides/56/0 = Vector2(0, 0)
cache/0/1/0/kerning_overrides/61/0 = Vector2(0, 0)
cache/0/1/0/kerning_overrides/66/0 = Vector2(0, 0)
cache/0/1/0/kerning_overrides/71/0 = Vector2(0, 0)
cache/0/1/0/kerning_overrides/76/0 = Vector2(0, 0)
cache/0/1/0/kerning_overrides/81/0 = Vector2(0, 0)
cache/0/1/0/kerning_overrides/91/0 = Vector2(0, 0)
cache/0/1/0/kerning_overrides/96/0 = Vector2(0, 0)
cache/0/1/0/kerning_overrides/101/0 = Vector2(0, 0)
cache/0/1/0/kerning_overrides/106/0 = Vector2(0, 0)
cache/0/1/0/kerning_overrides/111/0 = Vector2(0, 0)
cache/0/1/0/kerning_overrides/86/0 = Vector2(0, 0)
cache/0/1/0/kerning_overrides/26/0 = Vector2(0, 0)
cache/0/1/0/kerning_overrides/21/0 = Vector2(0, 0)
cache/0/1/0/kerning_overrides/11/0 = Vector2(0, 0)
cache/0/1/0/kerning_overrides/6/0 = Vector2(0, 0)
cache/0/1/0/kerning_overrides/1/0 = Vector2(0, 0)
cache/0/1/0/kerning_overrides/65/0 = Vector2(0, 0)
cache/0/1/0/kerning_overrides/64/0 = Vector2(0, 0)
cache/0/1/0/kerning_overrides/63/0 = Vector2(0, 0)
cache/0/1/0/kerning_overrides/62/0 = Vector2(0, 0)
cache/0/1/0/kerning_overrides/60/0 = Vector2(0, 0)
cache/0/65/0/ascent = 0.0
cache/0/65/0/descent = 0.0
cache/0/65/0/underline_position = 0.0
cache/0/65/0/underline_thickness = 0.0
cache/0/65/0/scale = 1.0
cache/0/65/0/kerning_overrides/16/0 = Vector2(0, 0)
cache/0/65/0/kerning_overrides/31/0 = Vector2(0, 0)
cache/0/65/0/kerning_overrides/36/0 = Vector2(0, 0)
cache/0/65/0/kerning_overrides/41/0 = Vector2(0, 0)
cache/0/65/0/kerning_overrides/46/0 = Vector2(0, 0)
cache/0/65/0/kerning_overrides/51/0 = Vector2(0, 0)
cache/0/65/0/kerning_overrides/56/0 = Vector2(0, 0)
cache/0/65/0/kerning_overrides/61/0 = Vector2(0, 0)
cache/0/65/0/kerning_overrides/66/0 = Vector2(0, 0)
cache/0/65/0/kerning_overrides/71/0 = Vector2(0, 0)
cache/0/65/0/kerning_overrides/76/0 = Vector2(0, 0)
cache/0/65/0/kerning_overrides/81/0 = Vector2(0, 0)
cache/0/65/0/kerning_overrides/91/0 = Vector2(0, 0)
cache/0/65/0/kerning_overrides/96/0 = Vector2(0, 0)
cache/0/65/0/kerning_overrides/101/0 = Vector2(0, 0)
cache/0/65/0/kerning_overrides/106/0 = Vector2(0, 0)
cache/0/65/0/kerning_overrides/111/0 = Vector2(0, 0)
cache/0/65/0/kerning_overrides/86/0 = Vector2(0, 0)
cache/0/65/0/kerning_overrides/26/0 = Vector2(0, 0)
cache/0/65/0/kerning_overrides/21/0 = Vector2(0, 0)
cache/0/65/0/kerning_overrides/11/0 = Vector2(0, 0)
cache/0/65/0/kerning_overrides/6/0 = Vector2(0, 0)
cache/0/65/0/kerning_overrides/1/0 = Vector2(0, 0)
cache/0/65/0/kerning_overrides/65/0 = Vector2(0, 0)
cache/0/65/0/kerning_overrides/64/0 = Vector2(0, 0)
cache/0/65/0/kerning_overrides/63/0 = Vector2(0, 0)
cache/0/65/0/kerning_overrides/62/0 = Vector2(0, 0)
cache/0/65/0/kerning_overrides/60/0 = Vector2(0, 0)
cache/0/64/0/ascent = 0.0
cache/0/64/0/descent = 0.0
cache/0/64/0/underline_position = 0.0
cache/0/64/0/underline_thickness = 0.0
cache/0/64/0/scale = 1.0
cache/0/64/0/kerning_overrides/16/0 = Vector2(0, 0)
cache/0/64/0/kerning_overrides/31/0 = Vector2(0, 0)
cache/0/64/0/kerning_overrides/36/0 = Vector2(0, 0)
cache/0/64/0/kerning_overrides/41/0 = Vector2(0, 0)
cache/0/64/0/kerning_overrides/46/0 = Vector2(0, 0)
cache/0/64/0/kerning_overrides/51/0 = Vector2(0, 0)
cache/0/64/0/kerning_overrides/56/0 = Vector2(0, 0)
cache/0/64/0/kerning_overrides/61/0 = Vector2(0, 0)
cache/0/64/0/kerning_overrides/66/0 = Vector2(0, 0)
cache/0/64/0/kerning_overrides/71/0 = Vector2(0, 0)
cache/0/64/0/kerning_overrides/76/0 = Vector2(0, 0)
cache/0/64/0/kerning_overrides/81/0 = Vector2(0, 0)
cache/0/64/0/kerning_overrides/91/0 = Vector2(0, 0)
cache/0/64/0/kerning_overrides/96/0 = Vector2(0, 0)
cache/0/64/0/kerning_overrides/101/0 = Vector2(0, 0)
cache/0/64/0/kerning_overrides/106/0 = Vector2(0, 0)
cache/0/64/0/kerning_overrides/111/0 = Vector2(0, 0)
cache/0/64/0/kerning_overrides/86/0 = Vector2(0, 0)
cache/0/64/0/kerning_overrides/26/0 = Vector2(0, 0)
cache/0/64/0/kerning_overrides/21/0 = Vector2(0, 0)
cache/0/64/0/kerning_overrides/11/0 = Vector2(0, 0)
cache/0/64/0/kerning_overrides/6/0 = Vector2(0, 0)
cache/0/64/0/kerning_overrides/1/0 = Vector2(0, 0)
cache/0/64/0/kerning_overrides/65/0 = Vector2(0, 0)
cache/0/64/0/kerning_overrides/64/0 = Vector2(0, 0)
cache/0/64/0/kerning_overrides/63/0 = Vector2(0, 0)
cache/0/64/0/kerning_overrides/62/0 = Vector2(0, 0)
cache/0/64/0/kerning_overrides/60/0 = Vector2(0, 0)
cache/0/63/0/ascent = 0.0
cache/0/63/0/descent = 0.0
cache/0/63/0/underline_position = 0.0
cache/0/63/0/underline_thickness = 0.0
cache/0/63/0/scale = 1.0
cache/0/63/0/kerning_overrides/16/0 = Vector2(0, 0)
cache/0/63/0/kerning_overrides/31/0 = Vector2(0, 0)
cache/0/63/0/kerning_overrides/36/0 = Vector2(0, 0)
cache/0/63/0/kerning_overrides/41/0 = Vector2(0, 0)
cache/0/63/0/kerning_overrides/46/0 = Vector2(0, 0)
cache/0/63/0/kerning_overrides/51/0 = Vector2(0, 0)
cache/0/63/0/kerning_overrides/56/0 = Vector2(0, 0)
cache/0/63/0/kerning_overrides/61/0 = Vector2(0, 0)
cache/0/63/0/kerning_overrides/66/0 = Vector2(0, 0)
cache/0/63/0/kerning_overrides/71/0 = Vector2(0, 0)
cache/0/63/0/kerning_overrides/76/0 = Vector2(0, 0)
cache/0/63/0/kerning_overrides/81/0 = Vector2(0, 0)
cache/0/63/0/kerning_overrides/91/0 = Vector2(0, 0)
cache/0/63/0/kerning_overrides/96/0 = Vector2(0, 0)
cache/0/63/0/kerning_overrides/101/0 = Vector2(0, 0)
cache/0/63/0/kerning_overrides/106/0 = Vector2(0, 0)
cache/0/63/0/kerning_overrides/111/0 = Vector2(0, 0)
cache/0/63/0/kerning_overrides/86/0 = Vector2(0, 0)
cache/0/63/0/kerning_overrides/26/0 = Vector2(0, 0)
cache/0/63/0/kerning_overrides/21/0 = Vector2(0, 0)
cache/0/63/0/kerning_overrides/11/0 = Vector2(0, 0)
cache/0/63/0/kerning_overrides/6/0 = Vector2(0, 0)
cache/0/63/0/kerning_overrides/1/0 = Vector2(0, 0)
cache/0/63/0/kerning_overrides/65/0 = Vector2(0, 0)
cache/0/63/0/kerning_overrides/64/0 = Vector2(0, 0)
cache/0/63/0/kerning_overrides/63/0 = Vector2(0, 0)
cache/0/63/0/kerning_overrides/62/0 = Vector2(0, 0)
cache/0/63/0/kerning_overrides/60/0 = Vector2(0, 0)
cache/0/62/0/ascent = 0.0
cache/0/62/0/descent = 0.0
cache/0/62/0/underline_position = 0.0
cache/0/62/0/underline_thickness = 0.0
cache/0/62/0/scale = 1.0
cache/0/62/0/kerning_overrides/16/0 = Vector2(0, 0)
cache/0/62/0/kerning_overrides/31/0 = Vector2(0, 0)
cache/0/62/0/kerning_overrides/36/0 = Vector2(0, 0)
cache/0/62/0/kerning_overrides/41/0 = Vector2(0, 0)
cache/0/62/0/kerning_overrides/46/0 = Vector2(0, 0)
cache/0/62/0/kerning_overrides/51/0 = Vector2(0, 0)
cache/0/62/0/kerning_overrides/56/0 = Vector2(0, 0)
cache/0/62/0/kerning_overrides/61/0 = Vector2(0, 0)
cache/0/62/0/kerning_overrides/66/0 = Vector2(0, 0)
cache/0/62/0/kerning_overrides/71/0 = Vector2(0, 0)
cache/0/62/0/kerning_overrides/76/0 = Vector2(0, 0)
cache/0/62/0/kerning_overrides/81/0 = Vector2(0, 0)
cache/0/62/0/kerning_overrides/91/0 = Vector2(0, 0)
cache/0/62/0/kerning_overrides/96/0 = Vector2(0, 0)
cache/0/62/0/kerning_overrides/101/0 = Vector2(0, 0)
cache/0/62/0/kerning_overrides/106/0 = Vector2(0, 0)
cache/0/62/0/kerning_overrides/111/0 = Vector2(0, 0)
cache/0/62/0/kerning_overrides/86/0 = Vector2(0, 0)
cache/0/62/0/kerning_overrides/26/0 = Vector2(0, 0)
cache/0/62/0/kerning_overrides/21/0 = Vector2(0, 0)
cache/0/62/0/kerning_overrides/11/0 = Vector2(0, 0)
cache/0/62/0/kerning_overrides/6/0 = Vector2(0, 0)
cache/0/62/0/kerning_overrides/1/0 = Vector2(0, 0)
cache/0/62/0/kerning_overrides/65/0 = Vector2(0, 0)
cache/0/62/0/kerning_overrides/64/0 = Vector2(0, 0)
cache/0/62/0/kerning_overrides/63/0 = Vector2(0, 0)
cache/0/62/0/kerning_overrides/62/0 = Vector2(0, 0)
cache/0/62/0/kerning_overrides/60/0 = Vector2(0, 0)
cache/0/60/0/ascent = 0.0
cache/0/60/0/descent = 0.0
cache/0/60/0/underline_position = 0.0
cache/0/60/0/underline_thickness = 0.0
cache/0/60/0/scale = 1.0
cache/0/60/0/kerning_overrides/16/0 = Vector2(0, 0)
cache/0/60/0/kerning_overrides/31/0 = Vector2(0, 0)
cache/0/60/0/kerning_overrides/36/0 = Vector2(0, 0)
cache/0/60/0/kerning_overrides/41/0 = Vector2(0, 0)
cache/0/60/0/kerning_overrides/46/0 = Vector2(0, 0)
cache/0/60/0/kerning_overrides/51/0 = Vector2(0, 0)
cache/0/60/0/kerning_overrides/56/0 = Vector2(0, 0)
cache/0/60/0/kerning_overrides/61/0 = Vector2(0, 0)
cache/0/60/0/kerning_overrides/66/0 = Vector2(0, 0)
cache/0/60/0/kerning_overrides/71/0 = Vector2(0, 0)
cache/0/60/0/kerning_overrides/76/0 = Vector2(0, 0)
cache/0/60/0/kerning_overrides/81/0 = Vector2(0, 0)
cache/0/60/0/kerning_overrides/91/0 = Vector2(0, 0)
cache/0/60/0/kerning_overrides/96/0 = Vector2(0, 0)
cache/0/60/0/kerning_overrides/101/0 = Vector2(0, 0)
cache/0/60/0/kerning_overrides/106/0 = Vector2(0, 0)
cache/0/60/0/kerning_overrides/111/0 = Vector2(0, 0)
cache/0/60/0/kerning_overrides/86/0 = Vector2(0, 0)
cache/0/60/0/kerning_overrides/26/0 = Vector2(0, 0)
cache/0/60/0/kerning_overrides/21/0 = Vector2(0, 0)
cache/0/60/0/kerning_overrides/11/0 = Vector2(0, 0)
cache/0/60/0/kerning_overrides/6/0 = Vector2(0, 0)
cache/0/60/0/kerning_overrides/1/0 = Vector2(0, 0)
cache/0/60/0/kerning_overrides/65/0 = Vector2(0, 0)
cache/0/60/0/kerning_overrides/64/0 = Vector2(0, 0)
cache/0/60/0/kerning_overrides/63/0 = Vector2(0, 0)
cache/0/60/0/kerning_overrides/62/0 = Vector2(0, 0)
cache/0/60/0/kerning_overrides/60/0 = Vector2(0, 0)

[sub_resource type="RectangleShape2D" id="2"]

[sub_resource type="RectangleShape2D" id="3"]
size = Vector2(1600, 100)

[node name="Game" type="CanvasLayer"]
script = ExtResource("3")
speed_factor = 5

[node name="UI" type="ColorRect" parent="."]
anchors_preset = 15
anchor_right = 1.0
anchor_bottom = 1.0
color = Color(0, 0, 0, 1)

[node name="Score" type="Label" parent="UI"]
layout_mode = 0
offset_left = 1335.86
offset_top = 11.8108
offset_right = 1587.86
offset_bottom = 84.8108
theme_override_fonts/font = SubResource("1")
theme_override_font_sizes/font_size = 60
text = "000"

[node name="Level" type="Label" parent="UI"]
layout_mode = 0
offset_left = 16.0
offset_top = 13.0
offset_right = 126.0
offset_bottom = 86.0
theme_override_fonts/font = SubResource("1")
theme_override_font_sizes/font_size = 60
text = "0"

[node name="Lives_Remaining" type="Label" parent="UI"]
layout_mode = 0
offset_left = 802.0
offset_top = 13.0
offset_right = 1306.0
offset_bottom = 86.0
theme_override_fonts/font = SubResource("1")
theme_override_font_sizes/font_size = 60
text = "III"

[node name="Court" type="Node2D" parent="."]

[node name="Wall1" type="StaticBody2D" parent="Court"]
position = Vector2(800, 0)
scale = Vector2(80, 1)

[node name="CollisionShape2D" type="CollisionShape2D" parent="Court/Wall1"]
shape = SubResource("2")

[node name="ColorRect" type="ColorRect" parent="Court/Wall1"]
offset_left = -10.0
offset_top = -10.0
offset_right = 10.0
offset_bottom = 10.0
color = Color(0.439216, 0.439216, 0.439216, 1)

[node name="Wall2" type="StaticBody2D" parent="Court"]
position = Vector2(0, 450)
scale = Vector2(1, 45)

[node name="CollisionShape2D" type="CollisionShape2D" parent="Court/Wall2"]
shape = SubResource("2")

[node name="ColorRect" type="ColorRect" parent="Court/Wall2"]
offset_left = -10.0
offset_top = -10.0
offset_right = 10.0
offset_bottom = 10.0
color = Color(0.439216, 0.439216, 0.439216, 1)

[node name="Wall3" type="StaticBody2D" parent="Court"]
position = Vector2(1600, 450)
scale = Vector2(1, 45)

[node name="CollisionShape2D" type="CollisionShape2D" parent="Court/Wall3"]
shape = SubResource("2")

[node name="ColorRect" type="ColorRect" parent="Court/Wall3"]
offset_left = -10.0
offset_top = -10.0
offset_right = 10.0
offset_bottom = 10.0
color = Color(0.439216, 0.439216, 0.439216, 1)

[node name="Player1" type="CharacterBody2D" parent="."]
position = Vector2(807, 818)
scale = Vector2(12, 1)
collision_mask = 17
script = ExtResource("1")

[node name="Ball" type="Node2D" parent="Player1"]
position = Vector2(0, -20)
scale = Vector2(0.0833333, 1)

[node name="ColorRect" type="ColorRect" parent="Player1/Ball"]
offset_left = -10.0
offset_top = -10.0
offset_right = 10.0
offset_bottom = 10.0

[node name="CollisionShape2D" type="CollisionShape2D" parent="Player1"]
shape = SubResource("2")

[node name="ColorRect" type="ColorRect" parent="Player1"]
offset_left = -10.0
offset_top = -10.0
offset_right = 10.0
offset_bottom = 10.0
color = Color(0.807843, 0.807843, 0.807843, 1)

[node name="Bottom" type="Area2D" parent="."]
position = Vector2(800, 960)

[node name="CollisionShape2D" type="CollisionShape2D" parent="Bottom"]
shape = SubResource("3")

[node name="Bricks" parent="." instance=ExtResource("4")]

[connection signal="body_entered" from="Bottom" to="." method="_on_Bottom_body_entered"]
[connection signal="brick_broke" from="Bricks" to="." method="_on_Bricks_brick_broke"]
[connection signal="last_brick_broke" from="Bricks" to="." method="_on_Bricks_last_brick_broke"]
